@misc{Quaternion,
	author = {Krasjet},
	title =        {Quaternion},
	howpublished = {\url{https://github.com/Krasjet/quaternion}},
	year =         {2020}
}




